@book{Armstrong2013,
  editor = {Tavish Armstrong},
  title = {The Performance of Open Source Applications},
  publisher = {Lulu},
  year = {2013},
  isbn = {978-1304488787}
}

@book{Brand1995,
  author = {Stewart Brand},
  title = {How Buildings Learn: What Happens After They're Built},
  publisher = {Penguin USA},
  year = {1995},
  isbn = {978-0140139969},
}

@book{Brown2011,
  editor = {Amy Brown and Greg Wilson},
  title = {The Architecture of Open Source Applications: Elegance, Evolution, and a Few Fearless Hacks},
  publisher = {Lulu},
  year = {2011},
  isbn = {978-1257638017}
}

@book{Brown2012,
  editor = {Amy Brown and Greg Wilson},
  title = {The Architecture of Open Source Applications: Structure, Scale, and a Few More Fearless Hacks},
  publisher = {Lulu},
  year = {2012},
  isbn = {978-0201103427}
}

@book{Brown2016,
  editor = {Amy Brown and Michael DiBernardo},
  title = {500 Lines or Less: Experienced Programmers Solve Interesting Problems},
  publisher = {Lulu},
  year = {2016},
  isbn = {978-1329871274}
}

@book{Kernighan1979,
  author = {Brian W. Kernighan and P. J. Plauger},
  title = {The Elements of Programming Style},
  publisher = {McGraw-Hill},
  year = {1979},
  isbn = {978-0070342071}
}

@book{Kernighan1981,
  author = {Brian W. Kernighan and P. J. Plauger},
  title = {Software Tools in Pascal},
  publisher = {Addison-Wesley Professional},
  year = {1981},
  isbn = {978-0201103427}
}

@book{Kernighan1983,
  author = {Brian W. Kernighan and Rob Pike},
  title = {The Unix Programming Environment},
  publisher = {Prentice-Hall},
  year = {1983},
  isbn = {978-0139376818}
}

@book{Kernighan1988,
  author = {Brian W. Kernighan and Dennis M. Ritchie},
  title = {The C Programming Language},
  publisher = {Prentice-Hall},
  year = {1988},
  isbn = {978-0131103627}
}

@book{Nystrom2021,
  author = {Robert Nystrom},
  title = {Crafting Interpreters},
  year = {2021},
  publisher = {Genever Benning},
  isbn = {978-0990582939}
}

@book{Oram2007,
  editor = {Andy Oram and Greg Wilson},
  title = {Beautiful Code: Leading Programmers Explain How They Think},
  publisher = {O'Reilly},
  year = {2007},
  isbn = {978-0596510046},
}

@book{Petre2016,
  author = {Marian Petre and Andr√© {van der Hoek}},
  title = {Software Design Decoded: 66 Ways Experts Think},
  publisher = {MIT Press},
  year = {2016},
  isbn = {978-0262035187}
}

@book{Wilson2019,
  author = {Greg Wilson},
  title = {Teaching Tech Together},
  publisher = {Chapman \& Hall/CRC Press},
  year = {2019},
  isbn = {978-0367352974},
  link = {http://teachtogether.tech}
}
